@book{the_art_of_scalability,
	author = {Martin L. Abbott, Michael T. Fisher},
	title = {The art of scalability},
	year = {2015},
	publisher = {Addison-Wesley Professional},
	pages = {584}
}

@book{microservices,
	author = {Chris Richardson},
	title = {Microservices Patterns},
	year = {2018},
	publisher = {Manning},
	pages = {520}
}

@book{microservices_architecture,
	author = {Irakli Nadareishvili},
	title = {Microservice Architecture},
	year = {2016},
	publisher = {O'Reilly},
	pages = {144}
}

@book{data_structures,
	author = {Pierluigi Crescenzi, Giorgio Gambosi, Roberto Grossi},
	title = {Strutture di dati e algoritmi},
	year = {2006},
	publisher = {Pearson},
	pages = {363}
}

@book{enterprise_app,
	author = {Martin Fowler},
	title = {Patterns of Enterprise Application Architecture},
	year = {2002},
	publisher = {Addison-Wesley Professional},
	pages = {512}
}

@book{design_patterns,
	author = {Gamma, Helm, Johnson, Vlissides},
	title = {Design Patterns},
	year = {2002},
	publisher = {Pearson},
	pages = {395}
}

@book{ddd,
	author = {Eric Evans},
	title = {Domain-Driven Design},
	year = {2003},
	publisher = {Addison-Wesley Professional},
	pages = {320}
}

@online{react, 
	title = {React},
	author = {Facebook},
	url = {https://it.reactjs.org/}
}

@online{material_ui,
	title = {Material-UI},
	author = {Material-UI},
	url={https://material-ui.com/}
}

@online{material_design,
	title = {Material Design},
	author = {Google},
	url={https://material.io/}
}
